% This file was created with Citavi 6.4.0.35

@book{.2010,
 year = {2010},
 title = {Gao deng shu xue},
 address = {Bei jing},
 edition = {3ban},
 publisher = {{Gao deng jiao yu chu ban she}},
 isbn = {9787040292305},
 file = {http://www.worldcat.org/oclc/678922896}
}


@book{Gonzalez.2009,
 author = {Gonzalez, Rafael C. and Woods, Richard E. and Eddins, Steven L.},
 year = {2009},
 title = {Matlab: Digital image processing using MATLAB},
 address = {Beijing},
 edition = {China ed.},
 publisher = {{Pub. House of Electronics Industry}},
 isbn = {9787121096006},
 file = {http://www.worldcat.org/oclc/712452692}
}


